<mx:record xmlns="http://www.w3.org/TR/xhtml1/strict" xmlns:mx="http://www.loc.gov/MARC21/slim" xmlns:xsi="http://www.w3.org/2001/XMLSchema-instance"><mx:leader>00000nz   2200000n  4500</mx:leader><mx:controlfield tag="001">oca03128089 </mx:controlfield><mx:controlfield tag="005">19920312053943.5</mx:controlfield><mx:controlfield tag="008">920310n| acannaab|          |a aaa     c</mx:controlfield><mx:datafield ind1=" " ind2=" " tag="010"><mx:subfield code="a">nr 92009493 </mx:subfield></mx:datafield><mx:datafield ind1=" " ind2=" " tag="040"><mx:subfield code="a">NNC</mx:subfield><mx:subfield code="c">NNC</mx:subfield></mx:datafield><mx:datafield ind1="1" ind2=" " tag="100"><mx:subfield code="a">Stigel, Johann,</mx:subfield><mx:subfield code="d">1515-1562</mx:subfield></mx:datafield><mx:datafield ind1="1" ind2=" " tag="400"><mx:subfield code="a">Stigelius, Ioannes,</mx:subfield><mx:subfield code="d">1515-1562</mx:subfield></mx:datafield><mx:datafield ind1=" " ind2=" " tag="670"><mx:subfield code="a">His Tabula de speciebus continuae quantitatis ... 1538:</mx:subfield><mx:subfield code="b">t.p. (Ioannes Stigelius)</mx:subfield></mx:datafield><mx:datafield ind1=" " ind2=" " tag="670"><mx:subfield code="a">Algemeine Deutsche Biog.</mx:subfield><mx:subfield code="b">(Stigel Johann, Latin poet, professor in Wittenberg; b. 5/13/1515, Gotha; d. 2/11/1562 Jena)</mx:subfield></mx:datafield><mx:datafield ind1=" " ind2=" " tag="670"><mx:subfield code="a">Jocher, C. G. Allgemeines Gelehrten-Lexikon:</mx:subfield><mx:subfield code="b">v. 4, col. 842 (Stigel, Johann)</mx:subfield></mx:datafield><mx:datafield ind1=" " ind2=" " tag="670"><mx:subfield code="a">BL</mx:subfield><mx:subfield code="b">(Stigel (Johann))</mx:subfield></mx:datafield><mx:datafield ind1=" " ind2=" " tag="999"><mx:subfield code="a">69</mx:subfield></mx:datafield></mx:record>